@article{Audet2009AProgramming,
    title = {{A progressive barrier for derivative-free nonlinear programming}},
    year = {2009},
    journal = {SIAM Journal on Optimization},
    author = {Audet, Charles and Dennis, J. E.},
    number = {1},
    pages = {445--472},
    volume = {20},
    doi = {10.1137/070692662},
    issn = {10526234},
    keywords = {Barrier approach, Constrained optimization, Filter algorithm, Mesh adaptive direct search algorithm, Nonlinear programming}
}

@techreport{HildrethAPROCEDURE,
    title = {{A QUADRATIC PROGRAMMING PROCEDURE}},
    author = {Hildreth, Clifford}
}

@techreport{1997A,
    title = {{A Repository of Convex Quadratic Programming Problems * Istv{\'{a}}nIstv´Istv{\'{a}}n Maros † and Csaba M ´ esz{\'{a}}rosesz´esz{\'{a}}ros ‡}},
    year = {1997},
    keywords = {QPS format, Quadratic programming, test problems *}
}

@article{Hansen2018AIRImplementation,
    title = {{AIR Tools II: algebraic iterative reconstruction methods, improved implementation}},
    year = {2018},
    journal = {Numerical Algorithms},
    author = {Hansen, Per Christian and J{\o}rgensen, Jakob Sauer},
    number = {1},
    month = {9},
    pages = {107--137},
    volume = {79},
    publisher = {Springer New York LLC},
    doi = {10.1007/s11075-017-0430-x},
    issn = {15729265},
    keywords = {ART methods, Algebraic iterative reconstruction, Column-action methods, SIRT methods, Semi-convergence, Stopping rules, Tomographic imaging}
}

@article{LeDigabel2011AlgorithmAlgorithm,
    title = {{Algorithm 909: NOMAD: Nonlinear optimization with the MADS algorithm}},
    year = {2011},
    journal = {ACM Transactions on Mathematical Software},
    author = {Le Digabel, Sébastien},
    number = {4},
    month = {2},
    volume = {37},
    doi = {10.1145/1916461.1916468},
    issn = {00983500},
    keywords = {Blackbox optimization, Constrained optimization, MADS (Mesh Adaptive Direct Search), Nonlinear optimization, Optimization software}
}

@article{Liu2014AnAlgorithm,
    title = {{An Asynchronous Parallel Randomized Kaczmarz Algorithm}},
    year = {2014},
    author = {Liu, Ji and Wright, Stephen J. and Sridhar, Srikrishna},
    month = {1},
    url = {http://arxiv.org/abs/1401.4780},
    arxivId = {1401.4780}
}

@article{Chiang2017AnOptimization,
    title = {{An Augmented Lagrangian Filter Method for Real-Time Embedded Optimization}},
    year = {2017},
    journal = {IEEE Transactions on Automatic Control},
    author = {Chiang, Nai-Yuan and Huang, Rui and Zavala, Victor M.},
    number = {12},
    month = {4},
    pages = {6110--6121},
    volume = {62},
    publisher = {Institute of Electrical and Electronics Engineers (IEEE)},
    doi = {10.1109/tac.2017.2694806},
    issn = {0018-9286}
}

@article{S.Kaczmarz1937AngenaherteGleichungen,
    title = {{Angenaherte Aufl{\"{o}}sung von Systemen linearer Gleichungen}},
    year = {1937},
    journal = {Bulletin International de l'Acad{\'{e}}mie Polonaise des Sciences et des Lettres. Classe des Sciences Math{\'{e}}matiques et Naturelles. S{\'{e}}rie A, Sciences Math{\'{e}}matiques,},
    author = {{S. Kaczmarz}},
    pages = {355--357}
}

@misc{Camel6Function,
    title = {{camel6 test function}},
    url = {https://www.sfu.ca/~ssurjano/camel6.html}
}

@book{Boyd2004ConvexOptimization,
    title = {{Convex Optimization}},
    year = {2004},
    author = {Boyd, Stephen and Vandenberghe, Lieven},
    publisher = {Cambridge University Press},
    isbn = {978-0-521-83378-3}
}

@article{Garstka2019COSMO:Problems,
    title = {{COSMO: A conic operator splitting method for convex conic problems}},
    year = {2019},
    author = {Garstka, Michael and Cannon, Mark and Goulart, Paul},
    month = {1},
    url = {http://arxiv.org/abs/1901.10887},
    arxivId = {1901.10887}
}

@techreport{Gould2013CUTEst:Threads,
    title = {{CUTEst: a constrained and unconstrained testing environment with safe threads}},
    year = {2013},
    author = {Gould, Nim and Orban, D and Toint, Phl},
    url = {http://www.fundp.ac.be/}
}

@techreport{RiosDerivative-freeImplementations,
    title = {{Derivative-free optimization: A review of algorithms and comparison of software implementations}},
    author = {Rios, Luis Miguel and Nikolaos, · and Sahinidis, V and Sahinidis, Nikolaos V}
}

@techreport{2008DirectionalMethods,
    title = {{Directional direct-search methods}},
    year = {2008},
    url = {http://www.siam.org/journals/ojsa.php}
}

@misc{Documenter.jlPackage,
    title = {{Documenter.jl Package}},
    url = {https://github.com/JuliaDocs/Documenter.jl}
}

@techreport{Lents1980EXTENSIONSPROGRAMMING,
    title = {{EXTENSIONS OF HILDRETH'S ROW-ACTION METHOD FOR QUADRATIC PROGRAMMING*}},
    year = {1980},
    booktitle = {SIAM J. CONTROL AND OPTIMIZATION},
    author = {Lents, Arnold},
    number = {4},
    volume = {18},
    url = {http://www.siam.org/journals/ojsa.php}
}

@misc{FrequentlyLanguage,
    title = {{Frequently Asked Questions {\textperiodcentered} The Julia Language}},
    url = {https://docs.julialang.org/en/latest/manual/faq/#Why-are-my-Julia-benchmarks-for-linear-algebra-operations-different-from-other-languages?-1}
}

@misc{Git,
    title = {{Git}},
    url = {https://git-scm.com/}
}

@misc{GitHub,
    title = {{GitHub}},
    url = {https://github.com/}
}

@misc{GitHubPages,
    title = {{GitHub Pages}},
    url = {https://pages.github.com/}
}

@inproceedings{Audet2010GlobalizationSearch,
    title = {{Globalization strategies for mesh adaptive direct search}},
    year = {2010},
    booktitle = {Computational Optimization and Applications},
    author = {Audet, Charles and Dennis, J. E. and Le Digabel, Sébastien},
    number = {2},
    month = {6},
    pages = {193--215},
    volume = {46},
    doi = {10.1007/s10589-009-9266-1},
    issn = {09266003},
    keywords = {Black-box optimization, Constrained optimization, Mesh Adaptive Direct Search algorithms (MADS), Nonlinear programming, Optimization test problems}
}

@techreport{GolovinGRADIENTLESSOPTIMIZATION,
    title = {{GRADIENTLESS DESCENT: HIGH-DIMENSIONAL ZEROTH-ORDER OPTIMIZATION}},
    author = {Golovin, Daniel and Karro, John and Kochanski, Greg and Lee Xingyou Song, Chansoo and Zhang, Qiuyi and Brain, Google}
}

@techreport{Luksan2000INSTITUTE1,
    title = {{INSTITUTE OF COMPUTER SCIENCE ACADEMY OF SCIENCES OF THE CZECH REPUBLIC Test Problems for Nonsmooth Unconstrained and Linearly Constrained Optimization INSTITUTE OF COMPUTER SCIENCE ACADEMY OF SCIENCES OF THE CZECH REPUBLIC Test Problems for Nonsmooth Unconstrained and Linearly Constrained Optimization 1}},
    year = {2000},
    author = {Luk{\v{s}}an, Ladislav and Vl{\v{c}}ek, Jan},
    url = {http://www.cs.cas.cz/~luksan},
    keywords = {nonsmooth optimization, test problems}
}

@misc{IntroductionJuMP,
    title = {{Introduction {\textperiodcentered} JuMP}},
    url = {https://www.juliaopt.org/JuMP.jl/v0.19.0/}
}

@misc{JuliaMicro-Benchmarks,
    title = {{Julia Micro-Benchmarks}},
    url = {https://julialang.org/benchmarks/}
}

@misc{JuliaMicrobenchmarks,
    title = {{Julia Microbenchmarks}},
    url = {https://julialang.org/benchmarks/}
}

@misc{JuliaPyCall,
    title = {{Julia PyCall}},
    url = {https://github.com/JuliaPy/PyCall.jl}
}

@misc{JuliaGuide,
    title = {{Julia Style Guide}},
    url = {https://docs.julialang.org/en/v1/manual/style-guide/index.html}
}

@article{Bezanson2017Julia:Computing,
    title = {{Julia: A fresh approach to numerical computing}},
    year = {2017},
    journal = {SIAM Review},
    author = {Bezanson, Jeff and Edelman, Alan and Karpinski, Stefan and Shah, Viral B.},
    number = {1},
    pages = {65--98},
    volume = {59},
    publisher = {Society for Industrial and Applied Mathematics Publications},
    doi = {10.1137/141000671},
    issn = {00361445},
    arxivId = {1411.1607},
    keywords = {Julia, Numerical, Parallel, Scientific computing}
}

@misc{TheBottomLine2018Julia:Problem,
    title = {{Julia: A Solution to the Two-Language Programming Problem}},
    year = {2018},
    booktitle = {The Bottom Line},
    author = {{The Bottom Line}},
    month = {10},
    url = {https://thebottomline.as.ucsb.edu/2018/10/julia-a-solution-to-the-two-language-programming-problem}
}

@misc{JuliaConYouTube,
    title = {{JuliaCon 2019 | Writing Maintainable Julia Code | Scott Haney - YouTube}},
    url = {https://www.youtube.com/watch?v=tldyDnjLozo&feature=youtu.be}
}

@misc{JuliaOpt/GLPK.jl:Julia,
    title = {{JuliaOpt/GLPK.jl: GLPK wrapper module for Julia}},
    url = {https://github.com/JuliaOpt/GLPK.jl}
}

@misc{JuliaOpt:Language,
    title = {{JuliaOpt: Optimization packages for the Julia language}},
    url = {https://www.juliaopt.org/}
}

@misc{JuliaSmoothOptimizers,
    title = {{JuliaSmoothOptimizers}},
    url = {https://juliasmoothoptimizers.github.io/}
}

@misc{JuliaSmoothOptimizers/CUTEst.jl:Interface,
    title = {{JuliaSmoothOptimizers/CUTEst.jl: Julia's CUTEst Interface}},
    url = {https://github.com/JuliaSmoothOptimizers/CUTEst.jl}
}

@misc{JuliasProcess,
    title = {{Julia’s Release Process}},
    url = {https://julialang.org/blog/2019/08/release-process/}
}

@article{Dunning2017JuMP:Optimization,
    title = {{JuMP: A modeling language for mathematical optimization}},
    year = {2017},
    journal = {SIAM Review},
    author = {Dunning, Iain and Huchette, Joey and Lubin, Miles},
    number = {2},
    pages = {295--320},
    volume = {59},
    publisher = {Society for Industrial and Applied Mathematics Publications},
    doi = {10.1137/15M1020575},
    issn = {00361445},
    arxivId = {1508.01982},
    keywords = {Algebraic modeling languages, Automatic differentiation, Scientific computing}
}

@misc{MakingLab,
    title = {{Making Julia as Fast as C++ {\textperiodcentered} FLOW Lab}},
    url = {https://flow.byu.edu/posts/julia-c++}
}

@misc{ManualMathOptInterface,
    title = {{Manual {\textperiodcentered} MathOptInterface}},
    url = {https://www.juliaopt.org/MathOptInterface.jl/dev/apimanual/#Manual-1}
}

@article{Audet2007MeshOptimization,
    title = {{Mesh adaptive direct search algorithms for constrained optimization}},
    year = {2007},
    journal = {SIAM Journal on Optimization},
    author = {Audet, Charles and Dennis, J. E.},
    number = {1},
    pages = {188--217},
    volume = {17},
    doi = {10.1137/040603371},
    issn = {10526234},
    keywords = {Clarke derivatives, Constrained optimization, Contingent cone, Convergence analysis, Hypertangent, Mesh adaptive direct search algorithms (MADS), Nonsmooth analysis}
}

@misc{MetaprogrammingLanguage,
    title = {{Metaprogramming {\textperiodcentered} The Julia Language}},
    url = {https://docs.julialang.org/en/v1/manual/metaprogramming/}
}

@book{LiupingWang2009ModelMATLAB,
    title = {{Model Predictive Control system Design and Implementation Using MATLAB}},
    year = {2009},
    author = {{Liuping Wang}},
    pages = {63--68},
    isbn = {978-1-84882-330-3},
    doi = {10.1007/978-1-84882-331-0}
}

@misc{MPIForum,
    title = {{MPI Forum}},
    url = {https://www.mpi-forum.org/}
}

@article{Audet2008NonsmoothSearch,
    title = {{Nonsmooth optimization through Mesh Adaptive Direct Search and Variable Neighborhood Search}},
    year = {2008},
    journal = {Journal of Global Optimization},
    author = {Audet, Charles and B{\'{e}}chard, Vincent and Le Digabel, Sébastien},
    number = {2},
    month = {6},
    pages = {299--318},
    volume = {41},
    doi = {10.1007/s10898-007-9234-1},
    issn = {09255001},
    keywords = {Generalized Pattern Search, Mesh Adaptive Direct Search, Nonsmooth optimization, Variable Neighborhood Search}
}

@techreport{Torczon1997ON,
    title = {{ON THE CONVERGENCE OF PATTERN SEARCH ALGORITHMS *}},
    year = {1997},
    booktitle = {Society for Industrial and Applied Mathematics},
    author = {Torczon, Virginia and Optim, Siam J},
    number = {1},
    pages = {1},
    volume = {7},
    url = {http://www.siam.org/journals/ojsa.php},
    keywords = {65K05 PII S1052623493250780, alternating variable search, axial relaxation, convergence analysis, coordinate search, direct search methods, downhill simplex search AMS subject classifications 49D30, evolutionary operation, glob-alization strategies, local variation, multidirectional search, pattern search, unconstrained optimization}
}

@techreport{HaltonOnIntegrals,
    title = {{On the efficiency of certain quasi-random sequences of points in evaluating multi-dimensional integrals}},
    author = {Halton, J H}
}

@article{Wachter2006OnProgramming,
    title = {{On the implementation of an interior-point filter line-search algorithm for large-scale nonlinear programming}},
    year = {2006},
    journal = {Mathematical Programming},
    author = {W{\"{a}}chter, Andreas and Biegler, Lorenz T.},
    number = {1},
    month = {5},
    pages = {25--57},
    volume = {106},
    doi = {10.1007/s10107-004-0559-y},
    issn = {00255610},
    keywords = {Barrier method, Filter method, Interior-point method, Line search, Nonconvex constrained optimization, Nonlinear programming}
}

@article{Abramson2009Orthomads:Ions,
    title = {{Orthomads: A deterministic MADS instance with orthogonal direct ions}},
    year = {2009},
    journal = {SIAM Journal on Optimization},
    author = {Abramson, Mark A. and Audet, Charles and Dennis, J. E. and Le Digabel, Sebastien},
    number = {2},
    pages = {948--966},
    volume = {20},
    doi = {10.1137/080716980},
    issn = {10526234},
    keywords = {Constrained optimization, Deterministic, Mesh adaptive direct search (MADS) algorithms, Nonlinear programming, Orthogonal directions}
}

@article{Stellato2017OSQP:Programs,
    title = {{OSQP: An Operator Splitting Solver for Quadratic Programs}},
    year = {2017},
    author = {Stellato, Bartolomeo and Banjac, Goran and Goulart, Paul and Bemporad, Alberto and Boyd, Stephen},
    month = {11},
    url = {http://arxiv.org/abs/1711.08013},
    arxivId = {1711.08013}
}

@article{Audet2008ParallelAlgorithm,
    title = {{Parallel space decomposition of the mesh adaptive direct search algorithm}},
    year = {2008},
    journal = {SIAM Journal on Optimization},
    author = {Audet, Charles and Dennis, J. E. and Le Digabel, Sébastien},
    number = {3},
    pages = {1150--1170},
    volume = {19},
    doi = {10.1137/070707518},
    issn = {10526234},
    keywords = {Asynchronous parallel algorithm, Convergence analysis., Mesh adaptive direct search (MADS), Nonsmooth optimization, Parallel space decomposition}
}

@misc{PerformanceLanguage,
    title = {{Performance Tips {\textperiodcentered} The Julia Language}},
    url = {https://docs.julialang.org/en/v1/manual/performance-tips/}
}

@misc{PyCUTEst,
    title = {{PyCUTEst}},
    url = {https://jfowkes.github.io/pycutest/_build/html/index.html}
}

@techreport{ROW-ACTIONCENSORS,
    title = {{ROW-ACTION METHODS FOR HUGE AND SPARSE SYSTEMS AND THEIR APPLICATIONS* YAIR CENSORS}},
    url = {http://www.siam.org/journals/ojsa.php}
}

@techreport{WarrennhareSpringerOptimization,
    title = {{Springer Series in Operations Research and Financial Engineering Derivative-Free and Blackbox Optimization}},
    author = {Warrennhare, Charlessaudet},
    url = {http://www.springer.com/series/3182}
}

@techreport{ChiangStructuredPIPS-NLP,
    title = {{Structured Nonconvex Optimization of Large-Scale Energy Systems Using PIPS-NLP}},
    author = {Chiang, Naiyuan and Petra, Cosmin G and Zavala, Victor M},
    keywords = {Index Terms-high-performance computing, natural gas, networks, non-convex, optimization, power systems, structures}
}

@misc{Travis,
    title = {{Travis}},
    url = {https://travis-ci.com/}
}

@techreport{HouseholderUnitaryMatrix,
    title = {{Unitary Triangularization of a Nonsymmetric Matrix*}},
    author = {Householder, Alston S}
}